<?xml version="1.0" encoding="UTF-8"?><record xmlns="http://www.loc.gov/MARC21/slim" xmlns:cinclude="http://apache.org/cocoon/include/1.0" xmlns:zs="http://www.loc.gov/zing/srw/">
  <leader>00478nz  a2200133n  4500</leader>
  <controlfield tag="001">n 2005083970</controlfield>
  <controlfield tag="003">DLC</controlfield>
  <controlfield tag="005">20051118092230.0</controlfield>
  <controlfield tag="008">051118n| acannaabn          |a aaa      </controlfield>
  <datafield tag="010" ind1=" " ind2=" ">
    <subfield code="a">n 2005083970</subfield>
  </datafield>
  <datafield tag="040" ind1=" " ind2=" ">
    <subfield code="a">DLC</subfield>
    <subfield code="b">eng</subfield>
    <subfield code="c">DLC</subfield>
  </datafield>
  <datafield tag="100" ind1="1" ind2=" ">
    <subfield code="a">Russo, Martha Graniello</subfield>
  </datafield>
  <datafield tag="400" ind1="1" ind2=" ">
    <subfield code="a">Graniello Russo, Martha</subfield>
  </datafield>
  <datafield tag="670" ind1=" " ind2=" ">
    <subfield code="a">Magia de las frutas y vegetables, 2005:</subfield>
    <subfield code="b">CIP t.p. (Martha Graniello-Russo) data sheet, etc. (Russo, Martha Graniello (Martha Russo); b. in El Salvador, resides in N. Calif.)</subfield>
  </datafield>
</record>